
@ARTICLE{ParkerGorlickLee2003,
author = { Parker, D. S. and Gorlick, M. M. and Lee, C. J.},
title = {Evolving from bioinformatics in-the-small to bioinformatics in-the-large.},
journal = {OMICS},
year = {2003},
volume = {7},
number = {1},
pages = {37-48}
}
